# Lwt paper
@inproceedings{Vouillon08,
 author = {Vouillon, J{\'e}r\^{o}me},
 title = {{Lwt: A Cooperative Thread Library}},
 booktitle = {Proceedings of the 2008 ACM SIGPLAN Workshop on ML},
 series = {ML '08},
 year = {2008},
 isbn = {978-1-60558-062-3},
 location = {Victoria, BC, Canada},
 pages = {3--12},
 numpages = {10},
 url = {http://doi.acm.org/10.1145/1411304.1411307},
 doi = {10.1145/1411304.1411307},
 acmid = {1411307},
 publisher = {ACM},
 address = {New York, NY, USA},
 keywords = {concurrency, implementation, ml, monad, networking, objective caml, programming, thread},
}

# Async ref is conventionally RWO
@book{Minsky13,
  author    = {Yaron Minsky and
               Anil Madhavapeddy and
               Jason Hickey},
  title     = {Real World OCaml - Functional Programming for the Masses},
  publisher = {O'Reilly},
  year      = {2013},
  url       = {http://shop.oreilly.com/product/0636920024743.do#tab_04_2},
  isbn      = {978-1-4493-2391-2},
  biburl    = {http://dblp.uni-trier.de/rec/bib/books/daglib/0038956},
}

# Daniel's master's thesis (initial implementation of handlers in Links)
@MastersThesis{Hillerstrom15,
    author     =     {Daniel Hillerström},
    title      =     {Handlers for Algebraic Effects in {Links}},
    school     =     {School of Informatics, the University of Edinburgh},
    address    =     {Scotland},
    month      =     aug,
    year       =     2015
}

# Daniel's master's thesis (abstract message-passing concurrency model, compilation of handlers)
@MastersThesis{Hillerstrom16,
    author     =     {Daniel Hillerström},
    title      =     {Compilation of Effect Handlers and their Applications in Concurrency},
    school     =     {School of Informatics, the University of Edinburgh},
    address    =     {Scotland},
    optmonth      =     aug,
    year       =     2016,
}

# OCaml handlers
@misc{DolanWSYM15,
  title = {{Effective Concurrency through Algebraic Effects}},
  author = {Stephen Dolan and Leo White and {KC} Sivaramakrishnan and Jeremy Yallop and Anil Madhavapeddy},
  year = 2015,
  howpublished = {OCaml Workshop}
}

@misc{DolanWM14,
  title = {Multicore {OCaml}},
  author = {Stephen Dolan and Leo White and Anil Madhavapeddy},
  year  = {2014},
  howpublished = {OCaml Workshop}
}

# Efficient one-shot continuations
@inproceedings{BruggemanWD96,
  author    = {Carl Bruggeman and
               Oscar Waddell and
               R. Kent Dybvig},
  editor    = {Charles N. Fischer},
  title     = {{Representing Control in the Presence of One-Shot Continuations}},
  booktitle = {Proceedings of the {ACM} SIGPLAN'96 Conference on Programming Language
               Design and Implementation (PLDI), Philadephia, Pennsylvania, May 21-24,
               1996},
  pages     = {99--107},
  publisher = {{ACM}},
  year      = {1996},
  OPTurl       = {http://doi.acm.org/10.1145/231379.231395},
  OPTdoi       = {10.1145/231379.231395},
  timestamp = {Mon, 21 May 2012 16:19:53 +0200},
  biburl    = {http://dblp.uni-trier.de/rec/bib/conf/pldi/BruggemanWD96},
  bibsource = {dblp computer science bibliography, http://dblp.org}
}

# Links compiler + Multicore OCaml
@Misc{HillerstromLS16,
  author = {Daniel Hillerström and Sam Lindley and KC Sivaramakrishnan},
  title  = {{Compiling {Links} Effect Handlers to the {OCaml} Backend}},
  year   = {2016},
  optmonth  = sep,
  howpublished = {{ML Workshop}}
}

# Core references on handlers
@article{PlotkinP13,
  author    = {Gordon D. Plotkin and
               Matija Pretnar},
  title     = {{Handling Algebraic Effects}},
  journal   = {Logical Methods in Computer Science},
  volume    = {9},
  number    = {4},
  year      = {2013},
  url       = {https://doi.org/10.2168/LMCS-9(4:23)2013},
  doi       = {10.2168/LMCS-9(4:23)2013},
  timestamp = {Wed, 03 May 2017 14:47:58 +0200},
  biburl    = {http://dblp.org/rec/bib/journals/corr/PlotkinP13},
  bibsource = {dblp computer science bibliography, http://dblp.org}
}

@article{PlotkinP03,
  author    = {Gordon D. Plotkin and
               John Power},
  title     = {Algebraic Operations and Generic Effects},
  journal   = {Applied Categorical Structures},
  volume    = {11},
  number    = {1},
  pages     = {69--94},
  year      = {2003},
  OPTurl       = {http://dx.doi.org/10.1023/A:1023064908962},
  OPTdoi       = {10.1023/A:1023064908962},
  timestamp = {Mon, 29 May 2006 12:06:44 +0200},
  biburl    = {http://dblp.uni-trier.de/rec/bib/journals/acs/PlotkinP03},
  bibsource = {dblp computer science bibliography, http://dblp.org}
}

@inproceedings{PlotkinP01,
	title={{Adequacy for Algebraic Effects}},
	author={Plotkin, Gordon and Power, John},
	booktitle={International Conference on Foundations of Software Science and Computation Structures},
	pages={1--24},
	year={2001},
	organization={Springer}
}

# Other algebraic effects and handlers
@InProceedings{Lindley14,
  author    = {Sam Lindley},
  editor    = {Jos{\'{e}} Pedro Magalh{\~{a}}es and
               Tiark Rompf},
  title     = {Algebraic effects and effect handlers for idioms and arrows},
  booktitle = {Proceedings of the 10th {ACM} {SIGPLAN} workshop on Generic programming,
               {WGP} 2014, Gothenburg, Sweden, August 31, 2014},
  pages     = {47--58},
  publisher = {{ACM}},
  year      = {2014},
  OPTurl       = {http://doi.acm.org/10.1145/2633628.2633636},
  OPTdoi       = {10.1145/2633628.2633636},
  timestamp = {Thu, 25 Jun 2015 13:50:37 +0200},
  biburl    = {http://dblp.uni-trier.de/rec/bib/conf/icfp/Lindley14},
  bibsource = {dblp computer science bibliography, http://dblp.org}
}

@article{Pretnar15,
  author    = {Matija Pretnar},
  title     = {An Introduction to Algebraic Effects and Handlers},
  journal   = {Electr. Notes Theor. Comput. Sci.},
  volume    = {319},
  pages     = {19--35},
  year      = {2015},
  note      = {Invited tutorial paper}
}

@article{KammarP17,
  author = {Ohad Kammar and Matija Pretnar},
  title  = {No value restriction is needed for algebraic effects and handlers},
  journal = {Journal of Functional Programming},
  year    = 2017,
  OPTdoi = {https://doi.org/10.1017/S0956796816000320},
  volume = 27
}

@article{ForsterKLP17,
	author = {Forster, Yannick and Kammar, Ohad and Lindley, Sam and Pretnar, Matija},
	title = {{On the Expressive Power of User-defined Effects: Effect Handlers, Monadic Reflection, Delimited Control}},
	journal = {Proc. ACM Program. Lang.},
	issue_date = {September 2017},
	volume = {1},
	number = {ICFP},
	month = aug,
	year = {2017},
	issn = {2475-1421},
	pages = {13:1--13:29},
	articleno = {13},
	numpages = {29},
	url = {http://doi.acm.org/10.1145/3110257},
	doi = {10.1145/3110257},
	acmid = {3110257},
	publisher = {ACM},
	address = {New York, NY, USA},
	keywords = {algebraic effects and handlers, call-by-push-value, computational effects, delimited control, denotational semantics, lambda calculus, language extension, macro expressiveness, monadic reflection, monads, reify and reflect, shift and reset, type-and-effect systems},
}

# Eff
@article{BauerP15,
	title={{Programming with Algebraic Effects and Handlers}},
	author={Bauer, Andrej and Pretnar, Matija},
	journal={Journal of Logical and Algebraic Methods in Programming},
	volume={84},
	number={1},
	pages={108--123},
	year={2015},
	publisher={Elsevier}
}

@techreport{PretnarSFS17,
  author    = {Matija Pretnar and Amr Hany Saleh and Axel Faes and Tom Schrijvers},
  title     = {{Efficient Compilation of Algebraic Effects and Handlers}},
  year      = {2017},
  month     = oct,
  number    = {CW 708},
  institution = {KU Leuven, Belgium}
}

# Idris
@inproceedings{Brady13,
	author = {Brady, Edwin},
	title = {{Programming and Reasoning with Algebraic Effects and Dependent Types}},
	booktitle = {Proceedings of the 18th ACM SIGPLAN International Conference on Functional Programming},
	series = {ICFP '13},
	year = {2013},
	isbn = {978-1-4503-2326-0},
	location = {Boston, Massachusetts, USA},
	pages = {133--144},
	numpages = {12},
	url = {http://doi.acm.org/10.1145/2500365.2500581},
	doi = {10.1145/2500365.2500581},
	acmid = {2500581},
	publisher = {ACM},
	address = {New York, NY, USA},
	keywords = {algebraic effects, dependent types},
}

@inproceedings{Brady14,
  author    = {Edwin Brady},
  title     = {Resource-Dependent Algebraic Effects},
  booktitle = {Trends in Functional Programming},
  OPTseries    = {Lecture Notes in Computer Science},
  series    = {LNCS},
  volume    = {8843},
  pages     = {18--33},
  publisher = {Springer},
  year      = {2014}
}

# Leo's HOPE talk
@misc{White16,
  author = {Leo White},
  title  = {Effective programming: bringing algebraic effects and handlers to {OCaml}},
  year   = 2016,
  optmonth  = sep,
  howpublished = {Keynote at {HOPE}, Nara, Japan}
}

# Implementation of effect handlers in Links
@inproceedings{HillerstromL16,
	author = {Hillerstr\"{o}m, Daniel and Lindley, Sam},
	title = {{Liberating Effects with Rows and Handlers}},
	booktitle = {Proceedings of the 1st International Workshop on Type-Driven Development},
	series = {TyDe 2016},
	year = {2016},
	isbn = {978-1-4503-4435-7},
	location = {Nara, Japan},
	pages = {15--27},
	numpages = {13},
	url = {http://doi.acm.org/10.1145/2976022.2976033},
	doi = {10.1145/2976022.2976033},
	acmid = {2976033},
	publisher = {ACM},
	address = {New York, NY, USA},
	keywords = {abstract machine semantics, algebraic effects, delimited control, effect handlers, effect typing, operational semantics},
}

# Frank
@inproceedings{LindleyMM17,
	author = {Lindley, Sam and McBride, Conor and McLaughlin, Craig},
	title = {Do Be Do Be Do},
	booktitle = {Proceedings of the 44th ACM SIGPLAN Symposium on Principles of Programming Languages},
	series = {POPL 2017},
	year = {2017},
	isbn = {978-1-4503-4660-3},
	location = {Paris, France},
	pages = {500--514},
	numpages = {15},
	url = {http://doi.acm.org/10.1145/3009837.3009897},
	doi = {10.1145/3009837.3009897},
	acmid = {3009897},
	publisher = {ACM},
	address = {New York, NY, USA},
	keywords = {algebraic effects, bidirectional typing, call-by-push-value, continuations, effect handlers, effect polymorphism, pattern matching},
}

# Shonky
@misc{McBride16,
  title={Shonky},
  author={Conor McBride},
  year=2016,
  note={\url{https://github.com/pigworker/shonky}}
}

# Koka
@inproceedings{Leijen14,
  author    = {Daan Leijen},
  title     = {{Koka}: Programming with Row Polymorphic Effect Types},
  booktitle = {{MSFP}},
  series    = {{EPTCS}},
  volume    = {153},
  pages     = {100--126},
  year      = {2014}
}

@inproceedings{Leijen17,
	author = {Leijen, Daan},
	title = {{Type Directed Compilation of Row-typed Algebraic Effects}},
	booktitle = {Proceedings of the 44th ACM SIGPLAN Symposium on Principles of Programming Languages},
	series = {POPL 2017},
	year = {2017},
	isbn = {978-1-4503-4660-3},
	location = {Paris, France},
	pages = {486--499},
	numpages = {14},
	url = {http://doi.acm.org/10.1145/3009837.3009872},
	doi = {10.1145/3009837.3009872},
	acmid = {3009872},
	publisher = {ACM},
	address = {New York, NY, USA},
	keywords = {Algebraic Effect Handlers, CPS transformation, Type Inference},
}

@inproceedings{KiselyovSS13,
	author = {Kiselyov, Oleg and Sabry, Amr and Swords, Cameron},
	title = {{Extensible Effects: An Alternative to Monad Transformers}},
	booktitle = {Proceedings of the 2013 ACM SIGPLAN Symposium on Haskell},
	series = {Haskell '13},
	year = {2013},
	isbn = {978-1-4503-2383-3},
	location = {Boston, Massachusetts, USA},
	pages = {59--70},
	numpages = {12},
	url = {http://doi.acm.org/10.1145/2503778.2503791},
	doi = {10.1145/2503778.2503791},
	acmid = {2503791},
	publisher = {ACM},
	address = {New York, NY, USA},
	keywords = {coroutine, effect handler, effect interaction, monad, monad transformer, open union, type and effect system},
}

@inproceedings{KiselyovI15,
	author = {Kiselyov, Oleg and Ishii, Hiromi},
	title = {{Freer Monads, More Extensible Effects}},
	booktitle = {Proceedings of the 2015 ACM SIGPLAN Symposium on Haskell},
	series = {Haskell '15},
	year = {2015},
	isbn = {978-1-4503-3808-0},
	location = {Vancouver, BC, Canada},
	pages = {94--105},
	numpages = {12},
	url = {http://doi.acm.org/10.1145/2804302.2804319},
	doi = {10.1145/2804302.2804319},
	acmid = {2804319},
	publisher = {ACM},
	address = {New York, NY, USA},
	keywords = {Kan extension, coroutine, effect handler, effect interaction, free monad, open union, type and effect system},
}

@inproceedings{KammarLO13,
	author = {Kammar, Ohad and Lindley, Sam and Oury, Nicolas},
	title = {Handlers in Action},
	booktitle = {Proceedings of the 18th ACM SIGPLAN International Conference on Functional Programming},
	series = {ICFP '13},
	year = {2013},
	isbn = {978-1-4503-2326-0},
	location = {Boston, Massachusetts, USA},
	pages = {145--158},
	numpages = {14},
	url = {http://doi.acm.org/10.1145/2500365.2500590},
	doi = {10.1145/2500365.2500590},
	acmid = {2500590},
	publisher = {ACM},
	address = {New York, NY, USA},
	keywords = {algebraic effects, continuations, effect handlers, effect typing, haskell, modularity, monads},
}

@inproceedings{Leijen17A,
	author = {Leijen, Daan},
	title = {{Structured Asynchrony with Algebraic Effects}},
	booktitle = {Proceedings of the 2Nd ACM SIGPLAN International Workshop on Type-Driven Development},
	series = {TyDe 2017},
	year = {2017},
	isbn = {978-1-4503-5183-6},
	location = {Oxford, UK},
	pages = {16--29},
	numpages = {14},
	url = {http://doi.acm.org/10.1145/3122975.3122977},
	doi = {10.1145/3122975.3122977},
	acmid = {3122977},
	publisher = {ACM},
	address = {New York, NY, USA},
	keywords = {Algebraic effects, Koka, asynchronous programming, effect types},
}

@inproceedings{WuSH14,
 author = {Wu, Nicolas and Schrijvers, Tom and Hinze, Ralf},
 title = {{Effect Handlers in Scope}},
 booktitle = {Proceedings of the 2014 ACM SIGPLAN Symposium on Haskell},
 series = {Haskell '14},
 year = {2014},
 isbn = {978-1-4503-3041-1},
 location = {Gothenburg, Sweden},
 pages = {1--12},
 numpages = {12},
 url = {http://doi.acm.org/10.1145/2633357.2633358},
 doi = {10.1145/2633357.2633358},
 acmid = {2633358},
 publisher = {ACM},
 address = {New York, NY, USA},
 keywords = {Haskell, effect handlers, modularity, monads, semantics, syntax},
}

@inproceedings{WuS15,
  author    = {Nicolas Wu and
               Tom Schrijvers},
  editor    = {Ralf Hinze and
               Janis Voigtl{\"{a}}nder},
  title     = {Fusion for Free - Efficient Algebraic Effect Handlers},
  booktitle = {Mathematics of Program Construction - 12th International Conference,
               {MPC} 2015, K{\"{o}}nigswinter, Germany, June 29 - July 1, 2015.
               Proceedings},
  OPTseries    = {Lecture Notes in Computer Science},
  series    = {LNCS},
  volume    = {9129},
  pages     = {302--322},
  publisher = {Springer},
  year      = {2015},
  url       = {http://dx.doi.org/10.1007/978-3-319-19797-5_15},
  doi       = {10.1007/978-3-319-19797-5_15},
  timestamp = {Tue, 09 Jun 2015 13:13:03 +0200},
  biburl    = {http://dblp.uni-trier.de/rec/bib/conf/mpc/WuS15},
  bibsource = {dblp computer science bibliography, http://dblp.org}
}

# Prolog
@article{SchrijversDDW13,
  author    = {Tom Schrijvers and
               Bart Demoen and
               Benoit Desouter and
               Jan Wielemaker},
  title     = {Delimited continuations for {Prolog}},
  journal   = {{TPLP}},
  volume    = {13},
  number    = {4-5},
  pages     = {533--546},
  year      = {2013}
}

@article{SalehS16,
  title={{Efficient Algebraic Effect Handlers for Prolog}},
  author={Saleh, Amr Hany and Schrijvers, Tom},
  journal={Theory and Practice of Logic Programming},
  volume={16},
  number={5-6},
  pages={884--898},
  year={2016},
  publisher={Cambridge University Press}
}

# References on Links
@inproceedings{CooperLWY06,
	author = {Cooper, Ezra and Lindley, Sam and Wadler, Philip and Yallop, Jeremy},
	title = {{Links: Web Programming Without Tiers}},
	booktitle = {Proceedings of the 5th International Conference on Formal Methods for Components and Objects},
	series = {FMCO'06},
	year = {2007},
	isbn = {3-540-74791-5, 978-3-540-74791-8},
	location = {Amsterdam, The Netherlands},
	pages = {266--296},
	numpages = {31},
	url = {http://dl.acm.org/citation.cfm?id=1777707.1777724},
	acmid = {1777724},
	publisher = {Springer-Verlag},
	address = {Berlin, Heidelberg},
}

@inproceedings{LindleyC12,
  author    = {Sam Lindley and
               James Cheney},
  title     = {Row-based effect types for database integration},
  booktitle = {{TLDI}},
  pages     = {91--102},
  publisher = {{ACM}},
  year      = {2012}
}

# Monads
@article{Atkey09,
  author    = {Robert Atkey},
  title     = {Parameterised notions of computation},
  journal   = {Journal of Functional Programming},
  volume    = {19},
  number    = {3-4},
  pages     = {335--376},
  year      = {2009}
}

@inproceedings{Moggi89,
  author    = {Eugenio Moggi},
  title     = {Computational Lambda-Calculus and Monads},
  booktitle = {{LICS}},
  pages     = {14--23},
  publisher = {{IEEE} Computer Society},
  year      = {1989}
}

@article{Moggi91,
	author = {Moggi, Eugenio},
	title = {{Notions of Computation and Monads}},
	journal = {Information and Computation},
	issue_date = {July 1991},
	volume = {93},
	number = {1},
	month = jul,
	year = {1991},
	issn = {0890-5401},
	pages = {55--92},
	numpages = {38},
	url = {http://dx.doi.org/10.1016/0890-5401(91)90052-4},
	doi = {10.1016/0890-5401(91)90052-4},
	acmid = {116984},
	publisher = {Academic Press, Inc.},
	address = {Duluth, MN, USA},
}

@inproceedings{Wadler92,
 author = {Wadler, Philip},
 title = {{The Essence of Functional Programming}},
 booktitle = {Proceedings of the 19th ACM SIGPLAN-SIGACT Symposium on Principles of Programming Languages},
 series = {POPL '92},
 year = {1992},
 isbn = {0-89791-453-8},
 location = {Albuquerque, New Mexico, USA},
 pages = {1--14},
 numpages = {14},
 url = {http://doi.acm.org/10.1145/143165.143169},
 doi = {10.1145/143165.143169},
 acmid = {143169},
 publisher = {ACM},
 address = {New York, NY, USA},
}


@inproceedings{Wadler95,
  author    = {Philip Wadler},
  title     = {Monads for Functional Programming},
  booktitle = {Advanced Functional Programming},
  OPTseries    = {Lecture Notes in Computer Science},
  series    = {LNCS},
  volume    = {925},
  pages     = {24--52},
  publisher = {Springer},
  year      = {1995}
}

@article{Swierstra08,
  author    = {Wouter Swierstra},
  title     = {Data types {\`{a}} la carte},
  journal   = {Journal of Functional Programming},
  volume    = {18},
  number    = {4},
  pages     = {423--436},
  year      = {2008}
}

# WebAssembly
@misc{HaasRSTGWBH17,
  author = {Andreas Haas and Andreas Rossberg and Ben L. Titzer and Dan Gohman and Luke Wagner and JF Bastien and Michael Holman},
  title  = {Bringing the {Web} up to Speed with {WebAssembly}},
  year   = 2017,
  note   = {Draft},
  howpublished = {\url{https://people.mpi-sws.org/~rossberg/papers/Haas, Rossberg, Schuff, Titzer, Gohman, Wagner, Bastien, Holman - Bringing the Web up to Speed with WebAssembly [Draft].pdf}}
}

# ECMAScript
@misc{EMCA15,
  author = {{Ecma International}},
  title  = {{ECMAScript} 2015 Language Specification},
  year = 2015,
  url = {http://www.ecma-international.org/ecma-262/6.0/index.html}
}

@misc{EMCA17,
  author = {{Emca International}},
  title  = {{ECMAScript} 2017 Language Specification},
  year = 2017,
  url = {https://tc39.github.io/ecma262/}
}

# Hop.js
@inproceedings{SerranoP16,
  author    = {Manuel Serrano and
               Vincent Prunet},
  title     = {A glimpse of Hopjs},
  booktitle = {{ICFP}},
  pages     = {180--192},
  publisher = {{ACM}},
  year      = {2016}
}

# A-normal form
@inproceedings{FlanaganSDF93,
  author    = {Cormac Flanagan and
               Amr Sabry and
               Bruce F. Duba and
               Matthias Felleisen},
  title     = {The Essence of Compiling with Continuations},
  booktitle = {{PLDI}},
  pages     = {237--247},
  publisher = {{ACM}},
  year      = {1993}
}

@inproceedings{SabryW96,
  author    = {Amr Sabry and
               Philip Wadler},
  editor    = {Robert Harper and
               Richard L. Wexelblat},
  title     = {A Reflection on Call-by-Value},
  booktitle = {Proceedings of the 1996 {ACM} {SIGPLAN} International Conference on
               Functional Programming {(ICFP} '96), Philadelphia, Pennsylvania, May
               24-26, 1996.},
  pages     = {13--24},
  publisher = {{ACM}},
  year      = {1996},
  OPTurl       = {http://doi.acm.org/10.1145/232627.232631},
  OPTdoi       = {10.1145/232627.232631},
  timestamp = {Tue, 11 Jun 2013 13:54:16 +0200},
  biburl    = {http://dblp.uni-trier.de/rec/bib/conf/icfp/SabryW96},
  bibsource = {dblp computer science bibliography, http://dblp.org}
}

# fine-grained call-by-value
@article{LevyPT03,
  author    = {Paul Blain Levy and
               John Power and
               Hayo Thielecke},
  title     = {Modelling environments in call-by-value programming languages},
  journal   = {Inf. Comput.},
  volume    = {185},
  number    = {2},
  pages     = {182--210},
  year      = {2003}
}

# CPS
@article{Plotkin75,
  author    = {Gordon D. Plotkin},
  title     = {Call-by-Name, Call-by-Value and the lambda-Calculus},
  journal   = {Theor. Comput. Sci.},
  volume    = {1},
  number    = {2},
  pages     = {125--159},
  year      = {1975}
}

@inproceedings{DanvyF90,
  author    = {Olivier Danvy and
               Andrzej Filinski},
  title     = {Abstracting Control},
  booktitle = {{LISP} and Functional Programming},
  pages     = {151--160},
  year      = {1990}
}

@book{Appel92,
  author    = {Andrew W. Appel},
  title     = {Compiling with Continuations},
  publisher = {Cambridge University Press},
  year      = {1992}
}

@article{DanvyN03,
  author    = {Olivier Danvy and
               Lasse R. Nielsen},
  title     = {A first-order one-pass {CPS} transformation},
  journal   = {Theor. Comput. Sci.},
  volume    = {308},
  number    = {1-3},
  pages     = {239--257},
  year      = {2003}
}

@inproceedings{Kennedy07,
  author    = {Andrew Kennedy},
  title     = {Compiling with continuations, continued},
  booktitle = {{ICFP}},
  pages     = {177--190},
  publisher = {{ACM}},
  year      = {2007}
}

@inproceedings{MaterzokB11,
  author    = {Marek Materzok and
               Dariusz Biernacki},
  title     = {Subtyping delimited continuations},
  booktitle = {{ICFP}},
  pages     = {81--93},
  publisher = {{ACM}},
  year      = {2011}
}

@inproceedings{MaterzokB12,
  author    = {Marek Materzok and
               Dariusz Biernacki},
  title     = {A Dynamic Interpretation of the {CPS} Hierarchy},
  booktitle = {{APLAS}},
  OPTseries    = {Lecture Notes in Computer Science},
  series    = {LNCS},
  volume    = {7705},
  pages     = {296--311},
  publisher = {Springer},
  year      = {2012}
}

@Misc{KiselyovS16,
  author = {Oleg Kiselyov and KC Sivaramakrishnan},
  title  = {Eff directly in {OCaml}},
  year   = {2016},
  optmonth  = sep,
  howpublished = {{ML Workshop}}
}

% fancy row typing systems that support shapes
@inproceedings{BerthomieuS95,
  author = {Bernard Berthomieu and Camille le Moniès de Sagazan},
  title = {A Calculus of Tagged Types, with applications to process languages},
  booktitle = {Workshop on Types for Program Analysis},
  year = 1995,
}

@techreport{Remy93,
  title = {{Syntactic theories and the algebra of record terms}},
  author = {Didier Remy},
  number = {RR-1869},
  institution = {{INRIA}},
  year = {1993},
}

@article{Huet97,
  author    = {G{\'{e}}rard P. Huet},
  title     = {The Zipper},
  journal   = {J. Funct. Program.},
  volume    = {7},
  number    = {5},
  pages     = {549--554},
  year      = {1997},
  url       = {http://journals.cambridge.org/action/displayAbstract?aid=44121},
  timestamp = {Fri, 10 Jun 2011 14:42:10 +0200},
  biburl    = {http://dblp.uni-trier.de/rec/bib/journals/jfp/Huet97},
  bibsource = {dblp computer science bibliography, http://dblp.org}
}

@article{Hughes00,
  author    = {John Hughes},
  title     = {Generalising monads to arrows},
  journal   = {Sci. Comput. Program.},
  volume    = {37},
  number    = {1-3},
  pages     = {67--111},
  year      = {2000}
}

@article{KcHMP16,
  title={{Composable Scheduler Activations for Haskell}},
  volume={26},
  DOI={10.1017/S0956796816000071},
  journal={Journal of Functional Programming},
  publisher={Cambridge University Press},
  author={Sivaramakrishnan, K. C. and Harris, Tim and Marlow, Simon and Peyton Jones, Simon},
  year={2016},
  pages={e9}
}

@article{Barroso2017,
	author = {Barroso, Luiz and Marty, Mike and Patterson, David and Ranganathan, Parthasarathy},
	title = {{Attack of the Killer Microseconds}},
	journal = {Commun. ACM},
	issue_date = {April 2017},
	volume = {60},
	number = {4},
	month = mar,
	year = {2017},
	issn = {0001-0782},
	pages = {48--54},
	numpages = {7},
	url = {http://doi.acm.org/10.1145/3015146},
	doi = {10.1145/3015146},
	acmid = {3015146},
	publisher = {ACM},
	address = {New York, NY, USA},
}

@inproceedings{MarlowPJT04,
 author = {Marlow, Simon and Jones, Simon Peyton and Thaller, Wolfgang},
 title = {{Extending the {Haskell} Foreign Function Interface with Concurrency}},
 booktitle = {Proceedings of the 2004 ACM SIGPLAN Workshop on Haskell},
 series = {Haskell '04},
 year = {2004},
 isbn = {1-58113-850-4},
 location = {Snowbird, Utah, USA},
 pages = {22--32},
 numpages = {11},
 url = {http://doi.acm.org/10.1145/1017472.1017479},
 doi = {10.1145/1017472.1017479},
 acmid = {1017479},
 publisher = {ACM},
 address = {New York, NY, USA},
}

@inproceedings{Marlow2001async,
 author = {Marlow, Simon and Jones, Simon Peyton and Moran, Andrew and Reppy, John},
 title = {{Asynchronous Exceptions in {Haskell}}},
 booktitle = {Proceedings of the ACM SIGPLAN 2001 Conference on Programming Language Design and Implementation},
 series = {PLDI '01},
 year = {2001},
 isbn = {1-58113-414-2},
 location = {Snowbird, Utah, USA},
 pages = {274--285},
 numpages = {12},
 url = {http://doi.acm.org/10.1145/378795.378858},
 doi = {10.1145/378795.378858},
 acmid = {378858},
 publisher = {ACM},
 address = {New York, NY, USA},
}

@InProceedings{HillerstromLAS17,
	author =	{Daniel Hillerstr{\"o}m and Sam Lindley and Robert Atkey and K. C. Sivaramakrishnan},
	title =	{{Continuation Passing Style for Effect Handlers}},
	booktitle =	{2nd International Conference on Formal Structures for Computation and Deduction (FSCD 2017)},
	pages =	{18:1--18:19},
	series =	{Leibniz International Proceedings in Informatics (LIPIcs)},
	ISBN =	{978-3-95977-047-7},
	ISSN =	{1868-8969},
	year =	{2017},
	volume =	{84},
	editor =	{Dale Miller},
	publisher =	{Schloss Dagstuhl--Leibniz-Zentrum fuer Informatik},
	address =	{Dagstuhl, Germany},
	URL =		{http://drops.dagstuhl.de/opus/volltexte/2017/7739},
	URN =		{urn:nbn:de:0030-drops-77394},
	doi =		{10.4230/LIPIcs.FSCD.2017.18},
	annote =	{Keywords: effect handlers, delimited control, continuation passing style}
}

@misc{aeio,
	key = {Aeio},
	title={{An asynchronous, effect-based I/O library}},
	url = {https://github.com/kayceesrk/ocaml-aeio},
	note = {Accessed: 2017-05-05 09:21:00},
	year = {2017}
}

@article{r5rs,
	title={{Revised(5) report on the algorithmic language Scheme}},
	author={Abelson, Harold and Dybvig, R. Kent and Haynes, Christopher T. and Rozas, Guillermo Juan and Adams, NI and Friedman, Daniel P. and Kohlbecker, E and Steele, GL and Bartley, David H and Halstead, Robert and others},
	journal={Higher-order and symbolic computation},
	volume={11},
	number={1},
	pages={7--105},
	year={1998},
	publisher={Springer}
}

@inproceedings{syme2011fsharp,
 author = {Syme, Don and Petricek, Tomas and Lomov, Dmitry},
 title = {{The F\# Asynchronous Programming Model}},
 booktitle = {Proceedings of the 13th International Conference on Practical Aspects of Declarative Languages},
 series = {PADL'11},
 year = {2011},
 isbn = {978-3-642-18377-5},
 location = {Austin, TX, USA},
 pages = {175--189},
 numpages = {15},
 url = {http://dl.acm.org/citation.cfm?id=1946313.1946334},
 acmid = {1946334},
 publisher = {Springer-Verlag},
 address = {Berlin, Heidelberg},
}

@book{armstrong1993erlang,
 author = {Virding, Robert and Wikstr\"{o}m, Claes and Williams, Mike},
 editor = {Armstrong, Joe},
 title = {{Concurrent Programming in ERLANG (2Nd Ed.)}},
 year = {1996},
 isbn = {0-13-508301-X},
 publisher = {Prentice Hall International (UK) Ltd.},
 address = {Hertfordshire, UK, UK},
}

@Inbook{pitman2001conditions,
author="Pitman, Kent M.",
title="Condition Handling in the Lisp Language Family",
bookTitle="Advances in Exception Handling Techniques",
year="2001",
publisher="Springer Berlin Heidelberg",
address="Berlin, Heidelberg",
pages="39--59"
}

@inproceedings{friedman1985control,
	author = {Friedman, Daniel P. and Haynes, Christopher T.},
	title = {{Constraining Control}},
	booktitle = {Proceedings of the 12th ACM SIGACT-SIGPLAN Symposium on Principles of Programming Languages},
	series = {POPL '85},
	year = {1985},
	isbn = {0-89791-147-4},
	location = {New Orleans, Louisiana, USA},
	pages = {245--254},
	numpages = {10},
	url = {http://doi.acm.org/10.1145/318593.318654},
	doi = {10.1145/318593.318654},
	acmid = {318654},
	publisher = {ACM},
	address = {New York, NY, USA},
}
